@InBook{Aromaa2007,
author = {Kauko Aromaa},
ALTeditor = {Stefanizzi, S},
title = {Trafficking in Human Beings: Uniform Definitions for Better Measuring and for Effective Counter-Measures},
publisher = {Springer, New York, NY},
year = {2007},
OPTpages = {13-26},
}

@article{Raymond2002,
	author = {Janice G. Raymond},
	title = {The New UN Trafficking Protocol.},
	journaltitle = {Women's Studies International Forum},
	date = {2002},
	OPTvolume = {25},
	OPTnumber = {5},
	OPTpages = {491-502},
}

@article{JacK2012,
	author = {Alicja Jac-Kucharski},
	title = {The Determinants of Human Trafficking: A US Case Study},
	journaltitle = {International Migration},
	date = {2012},
	OPTvolume = {50},
	OPTnumber = {6},
	OPTpages = {150-165}
}
 
 @article{abraham_russell_2004,
 	title={Missing data: A review of current methods and applications in epidemiological research},
 	volume={17},
 	DOI={10.1097/01.yco.0000133836.34543.7e},
 	number={4}, 
 	journal={Current Opinion in Psychiatry}, 
 	author={Abraham, W Todd and Russell, Daniel W}, 
 	year={2004}, 
 	month={Jul}, 
 	pages={315–321}
 } 

@ARTICLE{Shepp2001,
	author={Shepperd, M. and Cartwright, M.},
	journal={IEEE Transactions on Software Engineering}, 
	title={Predicting with sparse data}, 
	year={2001},
	volume={27},
	number={11},
	pages={987-998},
	doi={10.1109/32.965339}}

@article{Multi2010,
	title = {Performance enhancement of extreme learning machine for multi-category sparse data classification problems},
	journal = {Engineering Applications of Artificial Intelligence},
	volume = {23},
	number = {7},
	pages = {1149-1157},
	year = {2010},
	issn = {0952-1976},
	doi = {https://doi.org/10.1016/j.engappai.2010.06.009},
	url = {https://www.sciencedirect.com/science/article/pii/S0952197610001326},
	author = {S. Suresh and S. Saraswathi and N. Sundararajan}
}

 @book{kangaspunta_2008,
 	place={New York},
 	title={An introduction to human trafficking: Vulnerability, impact and action}, 
 	publisher={United Nations}, 
 	author={Kangaspunta, Kristiina}, 
 	year={2008},
 	pages = {108}
 } 

@online{CTDC,
	ALTauthor = {International Organization for Migration},
	title = {The Global K-Anonymized Dataset},
	date = {2021-12-14},
	url = {https://www.ctdatacollaborative.org/global-k-anonymized-dataset},
	OPTorganization = {The Counter Trafficking Data Callaboritive},
}

@article{bongaarts2009,
	author={John Bongaarts},
	journal={Philosophical Transactions of the Royal Society B: Biological Sciences}, 
	title={Human population growth and the demographic transition}, 
	year={2009},
	volume={364},
	number={1532},
	doi={10.1098/rstb.2009.0137}		
}

@article{kirk1996,
	author={Dudley Kirk},
	journal={Population Studies}, 
	title={Demographic Transition Theory}, 
	year={1996},
	volume={50},
	number={3},
	pages = {361-387},
	doi={10.1098/rstb.2009.0137},
	publisher={Taylor & Francis, Ltd.}		
}

@article{bar2010,
	title = {Demographic transition and industrial revolution: A macroeconomic investigation},
	journal = {Review of Economic Dynamics},
	volume = {13},
	number = {2},
	pages = {424-451},
	year = {2010},
	issn = {1094-2025},
	doi = {https://doi.org/10.1016/j.red.2009.03.002},
	url= {https://www.sciencedirect.com/science/article/pii/S1094202509000210},
	author = {Michael Bar and Oksana Leukhina}
}

@article{galor2000,
	Author = {Galor, Oded and Weil, David N.},
	Title = {Population, Technology, and Growth: From Malthusian Stagnation to the Demographic Transition and Beyond},
	Journal = {American Economic Review},
	Volume = {90},
	Number = {4},
	Year = {2000},
	Month = {9},
	Pages = {806-828},
	DOI = {10.1257/aer.90.4.806},
	URL = {https://www.aeaweb.org/articles?id=10.1257/aer.90.4.806}
	}

@article{sch1994,
	Author = {Friedrich Schneider},
	Title = {Measuring the Size and Development of the Shadow Economy. Can the Causes Be Found and the Obstacles Be Overcome?},
	Journal = {Essays on Economic Psychology},
	Volume = {90},
	Number = {4},
	Year = {1994},
	Pages = {193-212},
	DOI = {10.1007/978-3-642-48621-0_10}
}

@report{LawResponse,
	author = {Amy Farrell, Jack McDevitt, and Stephanie Fahy},
	title = {Understanding and Improving Law Enforcement
	Responses to Human Trafficking},
	institution = {Northeastern University},
	date = {2008-01-01}
}


@online{StateDept,
	title = {Understanding Human Trafficking},
	year = {2022},
	Month = {4},
	url = {https://www.state.gov/what-is-trafficking-in-persons/},
	organization = {U.S. Department of State, Office To Monitor and Combat Trafficking in Persons}
}

@report{polarisTypology,
	author = {Polaris},
	title = {The Typology of Modern slavery},
	date = {2017-03},
	OPTurl = {https://polarisproject.org/wp-content/uploads/2019/09/Polaris-Typology-of-Modern-Slavery-1.pdf}
}

@article{USEconPower,
	author = {Robert E. Litan},
	title = {The “Globalization” Challenge: The U.S. Role in Shaping World Trade and Investment},
	journaltitle = {Brookings},
	date = {2000-03-01}
}

@inproceedings{MediaRep,
	author = {Caroline S. Wallinger},
	editor = {editor},
	title = {Media Representation and Human Trafficking: How Anti-Trafficking Discourse Affects Trafficked Persons},
	booktitle = {Second Annual Interdisciplinary Conference on Human Trafficking, 2010
	},
	date = {2010-10}
}


@article{AfricaExport,
	author = {Arezo Malakooti},
	title = {The Dynamics of Migrant Smuggling in North Africa: Focus on the Central Mediterranean Route},
	journaltitle = {IEMed Mediterranean Yearbook 2016},
	date = {2016},
	OPTurl = {https://www.iemed.org/publication/the-dynamics-of-migrant-smuggling-in-north-africa-focus-on-the-central-mediterranean-route/}
}


@article{AfricaImport,
	author = {Sanchez, G., K. Arrouche, M. Capasso, A. Dimitriadi \& A. Fakhry},
	title = {Beyond Networks, Militias and Tribes: Rethinking EU Counter-smuggling Policy and
	Response},
	journaltitle = { Euromesco Policy Study},
	date = {2018}
}

@article{firstML,
	author = {Shreya Amin},
	title = {A Step Towards Modeling and Destabilizing Human Trafficking
	Networks Using Machine Learning Methods},
	journaltitle = {AAAI Publications},
	date = {2010},
	OPTseries = {2010 AAAI Spring Symposium Series}
}

@inbook{SlaveBook,
	author = {Susan Tiano},
	title = {Human Trafficking: A Perfect Storm of Contributing Factors},
	booktitle = {Borderline Slavery},
	date = {2012},
	OPTedition = {1},
	OPTpublisher = {Routledge}
}




