@article{UpsetPlot,
	author = {Lex, Alexander and Gehlenborg, Nils},
	title = {Sets and intersections},
	journaltitle = {Nature Methods},
	date = {2014-07-30},
	volume = {11},
	number = {779}
}

@inbook{SlaveBook,
	author = {Susan Tiano},
	title = {Human Trafficking: A Perfect Storm of Contributing Factors},
	booktitle = {Borderline Slavery},
	date = {2012},
	edition = {1},
	publisher = {Routledge}
}

@report{polarisTypology,
	author = {Polaris},
	title = {The Typology of Modern slavery},
	date = {2017-03},
	OPTurl = {https://polarisproject.org/wp-content/uploads/2019/09/Polaris-Typology-of-Modern-Slavery-1.pdf}
}

@online{USCB,
	ALTauthor = {United States Census Bureau},
	title = {International Database},
	date = {2023},
	url = {https://www.census.gov/data-tools/demo/idb/#/country}
}

@online{RussiaTrafficking,
	ALTauthor = {Leah Waid},
	title = {Human Trafficking: The Secret to Putin's Economy},
	date = {2020-11-01},
	url = {https://hir.harvard.edu/putin-and-human-trafficking/},
	organization = {Harvard International Review}
}

@article{Fallacy,
	author = {Steven N. Goodman},
	title = {Toward Evidence-Based Medical Statistics. 1: The P Value Fallacy},
	journaltitle = {Annals of Internal Medicine},
	date = {1999-08-15}
}
@article{Oversample,
	author = {Kathleen E. Wirth and Eric J. Tchetgen Tchetgen},
	title = {Accounting for selection bias in association studies with complex survey data},
	journaltitle = {Epidemiology},
	date = {2014-05},
	volume = {25},
	number = {3},
	pages = {44-453},
}

@inproceedings{MediaRep,
	author = {Caroline S. Wallinger},
	editor = {editor},
	title = {Media Representation and Human Trafficking: How Anti-Trafficking Discourse Affects Trafficked Persons},
	booktitle = {Second Annual Interdisciplinary Conference on Human Trafficking, 2010
	},
	date = {2010-10}
}

@article{PTSD,
	author = {Oram, Si√¢n and Abas, M and Bick, D and Boyle, A and French, R and Jakobowitz, S and Khondoker, M and Stanley, N and Trevillion, K and Howard, L and Zimmerman, C},
	title = {Human Trafficking and Health: A Survey of Male and Female Survivors in England},
	journaltitle = {Am J Public Health},
	month = {06},
	year = {2016},
	volume = {106},
	number = {6}
}


